<?xml version="1.0" encoding="UTF-8"?><collection xmlns="http://www.loc.gov/MARC21/slim"><record><leader>00677nam--2200193-i-4500</leader><controlfield tag="001">000043140</controlfield><controlfield tag="002">20161230</controlfield><controlfield tag="005">20161230201043</controlfield><controlfield tag="008">060222s1000------------r-----000-0-eng-d</controlfield><datafield ind1=" " ind2=" " tag="020"><subfield code="a">0521355753</subfield></datafield><datafield ind1=" " ind2=" " tag="040"><subfield code="a">IFIN-HH</subfield></datafield><datafield ind1=" " ind2=" " tag="080"><subfield code="a">524.35(061.3)</subfield></datafield><datafield ind1="1" ind2=" " tag="100"><subfield code="a">Kafatos, Minas</subfield></datafield><datafield ind1="1" ind2="0" tag="245"><subfield code="a">Supernova 1987 a in the large magellanic cloud</subfield><subfield code="b">Proceedings of the fourth george mason astrophysics workshop held at fairfax virginia 12-14 october 1987</subfield><subfield code="c">Minas kafatos, andrew g. michalitsianos (eds.)</subfield></datafield><datafield ind1=" " ind2=" " tag="260"><subfield code="a">Cambridge</subfield><subfield code="b">Cambridge University Press</subfield><subfield code="c">1988</subfield></datafield><datafield ind1=" " ind2=" " tag="300"><subfield code="a">XVII + 486 P</subfield></datafield><datafield ind1="1" ind2=" " tag="700"><subfield code="a">Michalitsianos, Andrew G</subfield><subfield code="e">Ed</subfield></datafield><datafield ind1=" " ind2=" " tag="852"><subfield code="a">78921</subfield><subfield code="c">523</subfield></datafield><datafield ind1=" " ind2=" " tag="CAT"><subfield code="a">Sys</subfield><subfield code="c">20141209</subfield><subfield code="h">165036</subfield></datafield></record></collection>